<record><leader>00000cas a22000007a 4500</leader><controlfield tag="001">15024617</controlfield><controlfield tag="008">861230d18891891inuwr ne      0    0eng d</controlfield><datafield ind1=" " ind2=" " tag="010"><subfield code="a">sn 86059229 </subfield></datafield><datafield ind1=" " ind2=" " tag="040"><subfield code="a">NPI</subfield><subfield code="b">eng</subfield><subfield code="c">NPI</subfield><subfield code="d">OCLCQ</subfield></datafield><datafield ind1=" " ind2=" " tag="042"><subfield code="a">msc</subfield></datafield><datafield ind1="0" ind2="0" tag="245"><subfield code="a">Vincennes messenger.</subfield></datafield><datafield ind1=" " ind2=" " tag="260"><subfield code="a">Vincennes, Ind. :</subfield><subfield code="b">Mary Beeson,</subfield><subfield code="c">1889-1891.</subfield></datafield><datafield ind1=" " ind2=" " tag="310"><subfield code="a">Weekly</subfield></datafield><datafield ind1="0" ind2=" " tag="362"><subfield code="a">Vol. 1, no. 1 (Jan. 19, 1889)-Nov. 13, 1891.</subfield></datafield><datafield ind1=" " ind2=" " tag="500"><subfield code="a">Nov. 13, 1891 issue is a single unnumbered sheet with heading: "an explanation to its patrons", announcing the cessation of the paper.</subfield></datafield><datafield ind1=" " ind2=" " tag="580"><subfield code="a">Also published in a daily ed. called: The Daily messenger.</subfield></datafield><datafield ind1=" " ind2=" " tag="752"><subfield code="a">United States</subfield><subfield code="b">Indiana</subfield><subfield code="c">Knox</subfield><subfield code="d">Vincennes.</subfield></datafield><datafield ind1="1" ind2=" " tag="775"><subfield code="t">Daily messenger (Vincennes, Ind.)</subfield><subfield code="w">(DLC)sn 86059230</subfield></datafield></record>